@book{bolfarine2005elementos,
  title="Elementos de amostragem",
  author="Bolfarine, Heleno and de Oliveira Bussab, Wilton",
  year="2005",
  publisher="Editora Blucher"
}